% research papers in computer graphics
@article{Bertsekas96,
  title={Parallel asynchronous label-correcting methods for shortest paths},
  author={Bertsekas, Dimitri P and Guerriero, Francesca and Musmanno, Roberto},
  journal={Journal of Optimization Theory and Applications},
  volume={88},
  number={2},
  pages={297--320},
  year={1996},
  publisher={Springer}
}

@article{chen1997note,
  title={A note on {B}ertsekas' small-label-first strategy},
  author={Chen, Zhi-Long and Powell, Warren B},
  journal={Networks},
  volume={29},
  number={2},
  pages={111--116},
  year={1997},
  publisher={Citeseer}
}

@article{glover86,
  title={The Threshold Shortest Path Algorithm},
  author={Glover, Fred and Glover, R and Klingman, D},
  journal={Journal of Optimization Theory and Applications},
  volume={88},
  number={2},
  pages={297--320},
  year={1996},
  publisher={Springer}
}

@article{bertsekas1993simple,
  title={A simple and fast label correcting algorithm for shortest paths},
  author={Bertsekas, Dimitri P},
  journal={Networks},
  volume={23},
  number={8},
  pages={703--709},
  year={1993},
  publisher={Wiley Online Library}
}

@book{Bertsekas98,
  title={Network Optimization: Continuous and Discrete models},
  author={Bertsekas, Dimitri P},
  year={1998},
  publisher={Athena Scientific Belmont}
}

@inproceedings{Chen90,
  title={Shortest paths on a polyhedron},
  author={Chen, Jindong and Han, Yijie},
  booktitle={Proceedings of the Sixth Annual Symposium on Computational Geometry},
  pages={360--369},
  year={1990},
  organization={ACM}
}

@article{Liu13,
  title={Exact geodesic metric in 2-manifold triangle meshes using edge-based data structures},
  author={Liu, Yong-Jin},
  journal={Computer-Aided Design},
  volume={45},
  number={3},
  pages={695--704},
  year={2013},
  publisher={Elsevier}
}

@article{Mitchell87,
  title={The discrete geodesic problem},
  author={Mitchell, Joseph SB and Mount, David M and Papadimitriou, Christos H},
  journal={SIAM Journal on Computing},
  volume={16},
  number={4},
  pages={647--668},
  year={1987},
  publisher={SIAM}
}

@inproceedings{Schreiber07,
  title={Shortest paths on realistic polyhedra},
  author={Schreiber, Yevgeny},
  booktitle={Proceedings of the Twenty-third Annual Symposium on Computational Geometry},
  pages={74--83},
  year={2007},
  organization={ACM}
}

@article{Sharir86,
  title={On shortest paths in polyhedral spaces},
  author={Sharir, Micha and Schorr, Amir},
  journal={SIAM Journal on Computing},
  volume={15},
  number={1},
  pages={193--215},
  year={1986},
  publisher={SIAM}
}

@inproceedings{Surazhsky05,
  title={Fast exact and approximate geodesics on meshes},
  author={Surazhsky, Vitaly and Surazhsky, Tatiana and Kirsanov, Danil and Gortler, Steven J and Hoppe, Hugues},
  booktitle={ACM Transactions on Graphics},
  volume={24},
  number={3},
  pages={553--560},
  year={2005},
  organization={ACM}
}

@article{Xin09,
  title={Improving {C}hen and {H}an's algorithm on the discrete geodesic problem},
  author={Xin, Shi-Qing and Wang, Guo-Jin},
  journal={ACM Transactions on Graphics},
  volume={28},
  number={4},
  pages={104},
  year={2009},
  publisher={ACM}
}

@article{Ying13SVG,
  title={Saddle vertex graph ({SVG}): a novel solution to the discrete geodesic problem},
  author={Ying, Xiang and Wang, Xiaoning and He, Ying},
  journal={ACM Transactions on Graphics (SIGGRAPH ASIA 2013)},
  volume={32},
  number={6},
  pages={170:1-170:12},
  year={2013}
}

@article{Ying13parallel,
  title={Parallel {C}hen-{H}an ({PCH}) Algorithm for Discrete Geodesics},
  author={Ying, Xiang and Xin, Shi-Qing and He, Ying},
  journal={ACM Transactions on Graphics},
  volume={33},
  number={1},
  pages={9:1-9:11},
  year={2014}
}

@article{gallo1988shortest,
  title={Shortest path algorithms},
  author={Gallo, Giorgio and Pallottino, Stefano},
  journal={Annals of Operations Research},
  volume={13},
  number={1},
  pages={1--79},
  year={1988},
  publisher={Springer}
}

@article{glover1985new,
  title={A new polynomially bounded shortest path algorithm},
  author={Glover, Fred and Klingman, D and Phillips, N},
  journal={Operations Research},
  volume={33},
  number={1},
  pages={65--73},
  year={1985},
  publisher={INFORMS}
}

@inproceedings{xin2012global,
  title={A global algorithm to compute defect-tolerant geodesic distance},
  author={Xin, Shi-Qing and Quynh, Dao TP and Ying, Xiang and He, Ying},
  booktitle={SIGGRAPH Asia 2012 Technical Briefs},
  pages={23},
  year={2012},
}

@article{crane2013geodesics,
  title={Geodesics in heat: A new approach to computing distance based on heat flow},
  author={Crane, Keenan and Weischedel, Clarisse and Wardetzky, Max},
  journal={ACM Transactions on Graphics},
  volume={32},
  number={5},
  pages={152},
  year={2013},
}

@article{bose2011survey,
  title={A survey of geodesic paths on 3{D} surfaces},
  author={Bose, Prosenjit and Maheshwari, Anil and Shu, Chang and Wuhrer, Stefanie},
  journal={Computational Geometry},
  volume={44},
  number={9},
  pages={486--498},
  year={2011},
  publisher={Elsevier}
}

@inproceedings{xin2012constant,
  title={Constant-time all-pairs geodesic distance query on triangle meshes},
  author={Xin, Shi-Qing and Ying, Xiang and He, Ying},
  booktitle={Proceedings of the ACM SIGGRAPH Symposium on Interactive 3D Graphics and Games},
  pages={31--38},
  year={2012},
}

@article{dijkstra1959note,
  title={A note on two problems in connexion with graphs},
  author={Dijkstra, Edsger W},
  journal={Numerische Mathematik},
  volume={1},
  number={1},
  pages={269--271},
  year={1959},
  publisher={Springer}
}

@book{bellman1957,
  title={Dynamic Programming},
  author={Bellman, R},
  year={1957},
  publisher={Princeton Univ. Press, Princeton, N. J.}
}

@book{ford1956network,
  title={Network Flow Theory.},
  author={Ford, Lester Randolph},
  year={1956},
  publisher={Rand Corporation}
}

@article{Bose2011486,
title = "A survey of geodesic paths on 3D surfaces ",
journal = "Computational Geometry",
volume = "44",
number = "9",
pages = "486 - 498",
year = "2011",
author = "Prosenjit Bose and Anil Maheshwari and Chang Shu and Stefanie Wuhrer",
}

@article{Lieutier:2009:CGT:1523532.1524039,
 author = {Lieutier, Andr{\'e} and Thibert, Boris},
 title = {Convergence of Geodesics on Triangulations},
 journal = {Comput. Aided Geom. Des.},
 volume = {26},
 number = {4},
 year = {2009},
 pages = {412--424},
}

@article{FMM_ron,
author={Kimmel, R. and Sethian, J.A.},
title={Computing Geodesic Paths on Manifolds},
journal={Proceedings of National Academy of Sciences},
volume={95},
pages={8431-8435},
year={1998},
}

@article{FMM,
author={Sethian, J.A.},
title={A fast marching level set method for monotonically advancing fronts},
journal={Proceedings of National Academy of Sciences},
volume={93},
pages={1591-1595},
year={1996},
}

@article{linear_FMM,
author={Liron Yatziv and Alberto Bartesaghi and Guillermo Sapiro},
title={${O}({N})$ implementation of the fast marching algorithm},
journal={Journal of Computational Physics},
volume={212},
number={2},
year={2006},
pages={393-399},
}

@article{liu_tightbound,
author={Yong-Jin Liu and Dian Fan and Ying He},
title={On discrete geodesics: tight bound and triangle anisotropy},
journal={Submitted for publication},
year={2014},
}

@article{Hildebrandt_convergence,
author={Klaus Hildebrandt and Konrad Polthier and Max Wardetzky},
title={On the convergence of metric and geometric properties of polyhedral surfaces},
journal={Geometriae Dedicata},
volume={123},
number={1},
year={2006},
pages={89-112},
}

@article{Wolter_cutloci,
author={Franz-Erich Wolter},
title={Distance function and cut loci on a complete Riemannian manifold},
journal={Archiv der Mathematik},
volume={32},
number={1},
year={1979},
pages={92-96},
}

@article{liu_degeneracy,
author={Yong-Jin Liu and Qian-Yi Zhou and Shi-Min Hu},
title={Handling degenerate cases in exact geodesic computation on triangle meshes},
journal={The Visual Computer},
volume={23},
number={9-11},
year={2007},
pages={661-668},
}

@article{Edelsbrunner1990,
 author = {Edelsbrunner, Herbert and M\"{u}cke, Ernst Peter},
 title = {Simulation of Simplicity: A Technique to Cope with Degenerate Cases in Geometric Algorithms},
 journal = {ACM Trans. Graph.},
 volume = {9},
 number = {1},
 month = jan,
 year = {1990},
 pages = {66--104},
}

@inproceedings{Yap1988,
 author = {Yap, C. K.},
 title = {A Geometric Consistency Theorem for a Symbolic Perturbation Scheme},
 booktitle = {Proceedings of the Fourth Annual Symposium on Computational Geometry},
 series = {SCG '88},
 year = {1988},
 pages = {134--142},
}

@article{Zhong_anisotropy,
 author = {Zhong, Zichun and Guo, Xiaohu and Wang, Wenping and L{\'e}vy, Bruno and Sun, Feng and Liu, Yang and Mao, Weihua},
 title = {Particle-based Anisotropic Surface Meshing},
 journal = {ACM Trans. Graph.},
 volume = {32},
 number = {4},
 year = {2013},
 pages = {99:1--99:14},
 articleno = {99},
}